@online{TrumpAllTweets,
    title = {All the President’s Tweets},
    date = {2020-11-24},
    author = {Adilbek Madaminov},
    url = {https://medium.com/swlh/all-the-presidents-tweets-e7d31fd1dbc6},
    urldate = {2021-02-15}
}

@online{MächtigTrump,
    title = {Die mächtigsten Menschen der Welt},
    date = {2018-06-28},
    author = {David M. Ewalt and Igor Bosilkovski},
    url = {https://www.forbes.at/artikel/die-maechtigsten-menschen-der-welt.html},
    urldate = {2021-02-15}
}

@article{kaplan2010,
  title={Users of the world, unite! The challenges and opportunities of Social Media},
  author={Kaplan, Andreas M and Haenlein, Michael},
  journal={Business horizons},
  volume={53},
  number={1},
  pages={59--68},
  year={2010},
  publisher={Elsevier}
}

@online{DefSM,
    title = {Social Media Definition},
    date = {2020-09-06},
    author = {Maya E. Dollarhide},
    url = {http://www.billscomputerpot.com/menus/windows/SocialMedia.pdf},
    urldate = {2021-02-10}
}

@techreport{DNR2019,
    author    = "Nic Newman and Richard Fletcher and Antonis Kalogeropoulos and Rasmus Kleis Nielsen",
    title     = "Digital News Report 2019",
    institution = "Reuters Institute",
}


@techreport{DNR2020,
    author    = "Nic Newman and Richard Fletcher and Anne Schulz and Simge Andı and Rasmus Kleis Nielsen",
    title     = "Digital News Report 2020",
    institution = "Reuters Institute",
}

@online{UsersWorldwideSM,
    title = {Anzahl der aktiven Social-Media-Nutzer weltweit in den Jahren 2015 bis 2021 (in Milliarden)},
    date = {2021-02-09},
    author = {{Statista GmbH}},
    url = {https://de.statista.com/statistik/daten/studie/739881/umfrage/monatlich-aktive-social-media-nutzer-weltweit/},
    urldate = {2021-02-10}
}

@online{WANutz,
    title = {Unerlaubte Verwendung von automatisierten Nachrichten und Massenversand auf WhatsApp},
    date = {2019-12-07},
    author = {{Whatsapp LLC.}},
    url = {https://faq.whatsapp.com/general/security-and-privacy/unauthorized-use-of-automated-or-bulk-messaging-on-whatsapp/?lang=de},
    urldate = {2021-02-01}
}


@online{BegriffDemokratieBPB,
    title = {Demokratie},
    date = {2011-12-05},
    author = {{Bundeszentrale für politische Bildung}},
    url = {https://www.bpb.de/nachschlagen/lexika/pocket-politik/16391/demokratie},
    urldate = {2021-02-01}
}

@online{VolksvertretungBPB,
    title = {Bundestag},
    date = {2011-11-06},
    author = {{Bundeszentrale für politische Bildung}},
    url = {https://www.bpb.de/politik/grundfragen/deutsche-demokratie/39331/bundestag},
    urldate = {2021-02-01}
}

@online{SpeechALincoln,
    title = {Speech at a Republican Banquet, Chicago, Illinois},
    date = {1865-12-10},
    author = {Abraham Lincoln},
    url = {https://quod.lib.umich.edu/l/lincoln/lincoln2/1:413?rgn=div1;view=fulltext},
    urldate = {2021-02-01}
}

@online{MassenmedienBPB,
    title = {Massenmedien},
    date = {2011-12-05},
    author = {{Bundeszentrale für politische Bildung}},
    url = {https://www.bpb.de/nachschlagen/lexika/pocket-politik/16493/massenmedien},
    urldate = {2021-02-01}
}


@online{WahlberechtigteBPB,
    title = {Wahlberechtigte},
    date = {2018-11-21},
    author = {{Bundeszentrale für politische Bildung}},
    url = {https://www.bpb.de/nachschlagen/zahlen-und-fakten/bundestagswahlen/280397/wahlberechtigte},
    urldate = {2021-02-01}
}

@online{NutzungMedienBPB,
    title = {Nutzungsmotive der tagesaktuellen Medien im Direktvergleich},
    date = {2016-11-18},
    author = {{Bundeszentrale für politische Bildung}},
    url = {https://www.bpb.de/gesellschaft/medien-und-sport/medienpolitik/189221/nutzungsmotive},
    urldate = {2021-02-09}
}

@online{VodafoneStiftungJugendliche,
    title = {Studie: Jugend will bewegen},
    date = {2020-06-09},
    author = {{Vodafone Stiftung Deutschland gGmbH}},
    url = {https://www.vodafone-stiftung.de/jugend-will-bewegen/},
    urldate = {2021-02-09}
}

@online{Mediennutzung2015,
    title = {Mediennutzung: Tendenz steigend (Update 2015)},
    date = {2015-12-11},
    author = {Jan-Felix Schrape},
    url = {https://gedankenstrich.org/2015/12/mediennutzung-tendenz-steigend-update-2015/},
    urldate = {2021-02-10}
}

@online{Mediennutzung2020,
    title = {ARD/ZDF-Massenkommunikation Langzeitstudie },
    date = {2020-09-10},
    author = {{ARD-Werbung SALES \& SERVICES}},
    url = {https://www.ard-werbung.de/media-perspektiven/studien/langzeitstudie-massenkommunikation/},
    urldate = {2021-02-10}
}

@online{Mediennutzung2020PDF,
    title = {Aktuelle Ergebnisse der repräsentativen Langzeitstudie ARD/ZDF-Massenkommunikation 2020: Mediennutzung im Intermediavergleich},
    date = {2020-08},
    author = {Thomas Kupferschmitt and Thorsten Müller},
    url = {https://www.ard-werbung.de/fileadmin/user_upload/media-perspektiven/pdf/2020/070820_Kupferschmitt_Mueller.pdf},
    urldate = {2021-02-10}
}



@online{AmericansSourcesNews,
    title = {Americans Who Mainly Get Their News on Social Media Are Less Engaged, Less Knowledgeable},
    date = {2020-07-30},
    author = {Amy Mitchell and Mark Jurkowitz and J. Baxter Oliphant and Elisa Shearer},
    url = {https://www.journalism.org/2020/07/30/americans-who-mainly-get-their-news-on-social-media-are-less-engaged-less-knowledgeable/},
    urldate = {2021-02-03}
}

@online{ÄltesteDemokrUSA,
    title = {Älteste durchgehend demokratische Staaten weltweit im Jahr 2020 },
    date = {2021-01-12},
    author = {Bernhard Weidenbach},
    url = {https://de.statista.com/statistik/daten/studie/1063765/umfrage/einfuehrung-der-demokratie-weltweit/},
    urldate = {2021-02-10}
}

@online{SearchTagesschau,
    title = {Suche in tagesschau.de},
    date = {2021-02-10},
    author = {{ARD-aktuell / tagesschau.de}},
    url = {https://www.tagesschau.de/search/?searchText=trump+twitter},
    urldate = {2021-02-10}
}

@online{JoeBidenTwitter,
    title = {Joe Biden},
    date = {2021-02-10},
    author = {{Twitter Inc.}},
    url = {https://twitter.com/joebiden},
    urldate = {2021-02-10}
}


@online{GerSourcesNews,
    title = {Aus welchen Medien beziehen Sie hauptsächlich Ihre Informationen über das politische Geschehen?},
    date = {2020-10-14},
    author = {{Statista GmbH}},
    url = {https://de.statista.com/statistik/daten/studie/661410/umfrage/hauptsaechliche-informationsquellen-ueber-das-politische-geschehen/#professional},
    urldate = {2021-02-03}
}

@online{2021TrumpTwitter,
    title = {Donald J. Trump (@realDonaldTrump) Twitter Statistics },
    author = {{Socialbakers}},
    url = {https://www.socialbakers.com/statistics/twitter/profiles/detail/25073877-realdonaldtrump},
    urldate = {2021-02-09}
}




@online{2016TrumpTwitter,
    title = {Number of Twitter followers of 2016 U.S. presidential candidates as of September, 2016 },
    date = {2016-09-30},
    author = {{Statista GmbH}},
    url = {https://www.statista.com/statistics/509579/twitter-followers-of-2016-us-presidential-candidates/},
    urldate = {2021-02-09}
}


@online{utilitarismus,
    title = {Utilitarismus},
    author = {{Bundeszentrale für politische Bildung}},
    url = {https://www.bpb.de/nachschlagen/lexika/politiklexikon/18385/utilitarismus},
    urldate = {2021-02-02}
}

@online{DudenVerantw,
    title = { Verantwortung, die },
    author = {{Bibliographisches Institut GmbH}},
    url = {https://www.duden.de/rechtschreibung/Verantwortung},
    urldate = {2021-02-14}
}



%US-Wahl 2016
%------------
@online{BBCHistoryFN,
    title = {The (almost) complete history of 'fake news'},
    author = {Mike Wendling},
    date = {2018-01-22},
    url = {https://www.bbc.com/news/blogs-trending-42724320},
    urldate = {2021-02-14}
}

@online{WashHistoryFN,
    title = {Trump Claims He Invented the Term “Fake News”—Here’ s an Interview With the Guy Who Actually Helped Popularize It},
    author = {Andrew Beaujon},
    date = {2019-10-02},
    url = {https://www.washingtonian.com/2019/10/02/trump-claims-he-invented-the-term-fake-news-an-interview-with-the-guy-who-actually-helped-popularize-it/},
    urldate = {2021-02-14}
}

@online{NatoFN,
    title = {MEDIA – (DIS)INFORMATION – SECURITY},
    author = {{North Atlantic Treaty Organisation}},
    url = {https://www.nato.int/nato_static_fl2014/assets/pdf/2020/5/pdf/2005-deepportal1-fake-news.pdf},
    urldate = {2021-02-14}
}

@book{wylie2019mindf,
  title={Mindf* ck: Cambridge analytica and the plot to break America},
  author={Wylie, Christopher},
  year={2019},
  publisher={Random House}
}

@online{CongressWylie,
    title = {Cambridge Analytica whistleblower Christopher Wylie testifies before Congress - watch live},
    author = {{Guardian News}},
    date = {2018-05-16},
    url = {https://www.youtube.com/watch?v=PCpDi57x4uc},
    urldate = {2021-02-14}
}

@online{MicrotargetingBPB,
    title = {Microtargeting und Manipulation: Von Cambridge Analytica zur Europawahl},
    author = {Constanze Kurz and Ingo Dachwitz},
    date = {2019-05-02},
    url = {https://www.bpb.de/gesellschaft/digitales/digitale-desinformation/290522/microtargeting-und-manipulation-von-cambridge-analytica-zur-europawahl.},
    urldate = {2021-02-14}
}

@online{CAdataInsider,
    title = {Facebook understood how dangerous the Trump-linked data firm Cambridge Analytica could be much earlier than it previously said. Here's everything that's happened up until now.},
    author = { Alexandra Ma and Ben Gilbert},
    date = {2019-08-23},
    url = {https://www.businessinsider.com/cambridge-analytica-a-guide-to-the-trump-linked-data-firm-that-harvested-50-million-facebook-profiles-2018-3?r=DE&IR=T},
    urldate = {2021-02-14}
}

@online{BBC87Million,
    title = {Facebook scandal 'hit 87 million users'},
    author = {BBC},
    date = {2018-04-04},
    url = {https://www.bbc.com/news/technology-43649018},
    urldate = {2021-02-14}
}

@online{StatistaGun,
    title = {Percentage of population in the United States owning at least one gun in 2020, by political party affiliation},
    author = {{Statista GmbH}},
    date = {2020-11-18},
    url = {https://www.statista.com/statistics/249775/percentage-of-population-in-the-us-owning-a-gun-by-party-affiliation/},
    urldate = {2021-02-14}
}

@online{PersonalityJudgements,
    title = {Computer-based personality judgments are more accurate than those made by humans},
    author = {Wu Youyou and Michal Kosinski and David Stillwell},
    date = {2015-01-27},
    url = {https://www.pnas.org/content/112/4/1036},
    urldate = {2021-02-14}
}

@article{zarouali2020using,
  title={Using a personality-profiling algorithm to investigate political microtargeting: assessing the persuasion effects of personality-tailored ads on social media},
  author={Zarouali, Brahim and Dobber, Tom and De Pauw, Guy and de Vreese, Claes},
  journal={Communication Research},
  pages={0093650220961965},
  year={2020},
  publisher={SAGE Publications Sage CA: Los Angeles, CA}
}

@online{2016AfroVotesGuardian,
    title = {Trump 2016 campaign 'targeted 3.5m black Americans to deter them from voting'},
    author = {Dan Sabbagh},
    date = {2020-09-28},
    url = {https://www.theguardian.com/us-news/2020/sep/28/trump-2016-campaign-targeted-35m-black-americans-to-deter-them-from-voting},
    urldate = {2021-02-14}
}

@online{2016AfroVotesPewResearch,
    title = {Black voter turnout fell in 2016, even as a record number of Americans cast ballots},
    author = {Jens Manuel Krogstad and Mark Hugo Lopez},
    date = {2017-05-12},
    url = {https://www.theguardian.com/us-news/2020/sep/28/trump-2016-campaign-targeted-35m-black-americans-to-deter-them-from-voting},
    urldate = {2021-02-14}
}

@article{howard2018social,
  title={Social media, news and political information during the US election: Was polarizing content concentrated in swing states?},
  author={Howard, Philip N and Kollanyi, Bence and Bradshaw, Samantha and Neudert, Lisa-Maria},
  journal={arXiv preprint arXiv:1802.03573},
  year={2018}
}

@article{allcott2017social,
  title={Social media and fake news in the 2016 election},
  author={Hunt Allcott and Matthew Gentzkow},
  journal={Journal of economic perspectives},
  volume={31},
  number={2},
  pages={211--36},
  year={2017}
}

@article{groshek2017helping,
  title={Helping populism win? Social media use, filter bubbles, and support for populist presidential candidates in the 2016 US election campaign},
  author={Groshek, Jacob and Koc-Michalska, Karolina},
  journal={Information, Communication \& Society},
  volume={20},
  number={9},
  pages={1389--1407},
  year={2017},
  publisher={Taylor \& Francis}
}

@online{SenateRussian,
    title = {ON RUSSIAN ACTIVE MEASURES CAMPAIGNS AND INTERFERENCE IN THE 2016 U.S. ELECTION VOLUME 5: COUNTERINTELLIGENCE THREATS AND VULNERABILITIES},
    author = {{SELECT COMMITTEE ON INTELLIGENCE UNITED STATES SENATE}},
    date = {2020-08-18},
    url = {https://www.intelligence.senate.gov/sites/default/files/documents/report_volume5.pdf},
    urldate = {2021-02-14}
}

@inproceedings{badawy2018analyzing,
  title={Analyzing the digital traces of political manipulation: The 2016 russian interference twitter campaign},
  author={Badawy, Adam and Ferrara, Emilio and Lerman, Kristina},
  booktitle={2018 IEEE/ACM international conference on advances in social networks analysis and mining (ASONAM)},
  pages={258--265},
  year={2018},
  organization={IEEE}
}

@online{GuardianParkinsonFN,
    title = {Click and elect: how fake news helped Donald Trump win a real election},
    author = {Hannah Jane Parkinson},
    date = {2016-11-14},
    url = {https://www.theguardian.com/commentisfree/2016/nov/14/fake-news-donald-trump-election-alt-right-social-media-tech-companies},
    urldate = {2021-02-14}
}

@online{WashingtonDeweyFN,
    title = {Facebook fake-news writer: ‘I think Donald Trump is in the White House because of me’},
    author = {Caitlin Dewey},
    date = {2016-11-17},
    url = {https://www.washingtonpost.com/news/the-intersect/wp/2016/11/17/facebook-fake-news-writer-i-think-donald-trump-is-in-the-white-house-because-of-me/},
    urldate = {2021-02-14}
}

@online{NYMagReadFN,
    title = {Donald Trump Won Because of Facebook},
    author = {Max Read},
    date = {2016-11-09},
    url = {https://nymag.com/intelligencer/2016/11/donald-trump-won-because-of-facebook.html},
    urldate = {2021-02-14}
}




@online{LeitlinienGI,
    title = {Ethische Leitlinien},
    author = {{Gesellschaft für Informatik e.V.}},
    url = {https://gi.de/ueber-uns/organisation/unsere-ethischen-leitlinien},
    urldate = {2021-02-03}
}

@online{HateSpeechFB,
    title = {Bericht über die Durchsetzung der Gemeinschaftsstandards},
    author = {{Facebook Inc.}},
    url = {https://transparency.facebook.com/community-standards-enforcement#hate-speech},
    urldate = {2021-02-03}
}


@online{NetzDGOfficial,
    title = {{Gesetz zur Verbesserung der Rechtsdurchsetzung in sozialen Netzwerken (Netzwerkdurchsetzungsgesetz–NetzDG)}},
    author = {{Bundesanzeiger Verlag}},
    url = {https://www.bmjv.de/SharedDocs/Gesetzgebungsverfahren/Dokumente/BGBl_NetzDG.pdf;jsessionid=709C043887AF28ABFD9C0F18917E247E.1_cid289?__blob=publicationFile&v=2},
    urldate = {2021-02-02}
}

@online{GerichtsbeschlussSperrungTwitter,
    title = {Beschluss v. 07.06.2019 – 11 O 3362/19},
    author = {{LG Nürnberg-Fürth}},
    url = {https://www.gesetze-bayern.de/Content/Document/Y-300-Z-BECKRS-B-2019-N-12259?hl=true},
    urldate = {2021-02-02}
}

@online{NutzungsbFacebook,
    title = {Nutzungsbedingungen},
    author = {{Facebook Inc.}},
    url = {https://de-de.facebook.com/terms},
    urldate = {2021-02-02}
}

@online{TwitterAlg,
    title = {Twitter Allgemeine Geschäftsbedingungen},
    author = {{Twitter Inc.}},
    url = {https://twitter.com/de/tos},
    urldate = {2021-02-02}
}

@online{TwitterRules,
    title = {Die Twitter Regeln},
    author = {{Twitter Inc.}},
    url = {https://help.twitter.com/de/rules-and-policies/twitter-rules},
    urldate = {2021-02-02}
}

@online{TwitterDurchsetzung,
    title = {Unsere Vorgehensweise bei der Entwicklung von Richtlinien und bei deren Durchsetzung},
    author = {{Twitter Inc.}},
    url = {https://help.twitter.com/de/rules-and-policies/enforcement-philosophy},
    urldate = {2021-02-02}
}

@online{NutzungsbYouTube,
    title = {Nutzungsbedingungen},
    author = {{YouTube LLC.}},
    url = {https://www.youtube.com/static?gl=DE&template=terms&hl=de},
    urldate = {2021-02-12}
}

@online{BanTrumpTwitter,
    title = {Permanent suspension of @realDonaldTrump},
    author = {{Twitter Inc.}},
    url = {https://blog.twitter.com/en_us/topics/company/2020/suspension.html},
    urldate = {2021-02-13}
}

@online{BanTrumpFBInsta,
    title = {Our Response to the Violence in Washington},
    author = {{Facebook Inc.}},
    url = {https://about.fb.com/news/2021/01/responding-to-the-violence-in-washington-dc/},
    urldate = {2021-02-13}
}



@online{ARDMerkelTrump,
    title = {Account von Trump: Merkel sieht Twitter-Sperre kritisch},
    author = {{ARD-aktuell / tagesschau.de}},
    url = {https://www.tagesschau.de/inland/merkel-trump-twitter-103.html},
    urldate = {2021-02-02}
}

@online{ZDFMerkelTrump,
    title = {Twitter-Konto von US-Präsident - Merkel sieht Trump-Sperrung kritisch},
    author = {{ZDF heute}},
    url = {https://www.zdf.de/nachrichten/politik/usa-trump-twitter-sperrung-merkel-kritik-100.html},
    urldate = {2021-02-02}
}

@online{DigitalServicesAct,
    title = {Gesetz über digitale Dienste: mehr Sicherheit und Verantwortung im Online-Umfeld},
    author = {{Europäische Kommission}},
    url = {https://ec.europa.eu/info/strategy/priorities-2019-2024/europe-fit-digital-age/digital-services-act-ensuring-safe-and-accountable-online-environment_de},
    urldate = {2021-02-02}
}

@article{martini2017algorithmen,
  title={Algorithmen als Herausforderung fu r die Rechtsordnung},
  author={Martini, Mario and Fr{\"o}hlich, Wiebke and Fritzsche, Saskia},
  year={2017}
}

@online{pricediscrimination,
    title = {Price Discrimination in The Princeton Review's Online SAT Tutoring Service},
    author = {Keyon Vafa, Christian Haigh, Alvin Leung and Noah Yonack},
    url = {https://techscience.org/a/2015090102/},
    urldate = {2021-02-03}
}

@online{influencecambridge,
    title = {Meaning of influence in English},
    author = {{Cambridge University Press}},
    url = {https://dictionary.cambridge.org/dictionary/english/influence},
    urldate = {2021-02-12}
}

@online{einflussduden,
    title = {Einfluss, der},
    author = {{Bibliographisches Institut GmbH}},
    url = {https://www.duden.de/rechtschreibung/Einfluss},
    urldate = {2021-02-12}
}

@online{agendasetting,
    title = {Agenda Setting},
    author = {{Bundezentrale für politische Bildung}},
    url = {https://m.bpb.de/system/files/dokument_pdf/NuN_07_Agenda\%20Setting.pdf},
    urldate = {2021-02-12}
}

@online{journalismusobjektivitaet,
    title = {Können Journalisten objektiv berichten?},
    author = {Nora Frerichmann},
    url = {https://www.mdr.de/medien360g/medienwissen/journalismus-und-objektivitaet-100.html#sprung2},
    urldate = {2021-02-12}
}

@book{socialmediamining,
  title={Social media mining: an introduction},
  author={Zafarani, Reza and Abbasi, Mohammad Ali and Liu, Huan},
  year={2014},
  publisher={Cambridge University Press}
}

@article{martini2014big,
  title={Big Data als Herausforderung f{\"u}r den Pers{\"o}nlichkeitsschutz und das Datenschutzrecht},
  author={Martini, Mario},
  journal={Das Deutsche Verwaltungsblatt},
  volume={23},
  number={2014},
  pages={1481--1489},
  year={2014}
}

@article{bessi2016social,
  title={Social bots distort the 2016 US Presidential election online discussion},
  author={Bessi, Alessandro and Ferrara, Emilio},
  journal={First Monday},
  volume={21},
  number={11-7},
  year={2016}
}

@online{twitterAFD,
    title = {Twitter Account der AFD},
    author = {{Alternative für Deutschland (AfD)}},
    url = {https://twitter.com/AfD},
    urldate = {2021-02-14}
}

@online{facebookAFD,
    title = {Facebook Account der AFD},
    author = {{Alternative für Deutschland (AfD)}},
    url = {https://de-de.facebook.com/alternativefuerde/},
    urldate = {2021-02-14}
}

@online{twitterCDU,
    title = {Twitter Account der CDU},
    author = {{CDU-Bundesgeschäftsstelle}},
    url = {https://twitter.com/CDU},
    urldate = {2021-02-14}
}

@online{facebookCDU,
    title = {Facebook Account der CDU},
    author = {{CDU-Bundesgeschäftsstelle}},
    url = {https://de-de.facebook.com/CDU/},
    urldate = {2021-02-14}
}

@online{twitterCSU,
    title = {Twitter Account der CSU},
    author = {{Christlich-Soziale Union in Bayern e. V.}},
    url = {https://twitter.com/CSU},
    urldate = {2021-02-14}
}

@online{facebookCSU,
    title = {Facebook Account der CDU},
    author = {{Christlich-Soziale Union in Bayern e. V.}},
    url = {https://www.facebook.com/CSU/},
    urldate = {2021-02-14}
}

@online{twitterFDP,
    title = {Twitter Account der FDP},
    author = {{FDP-Bundespartei}},
    url = {https://twitter.com/fdp},
    urldate = {2021-02-14}
}

@online{facebookFDP,
    title = {Facebook Account der FDP},
    author = {{FDP-Bundespartei}},
    url = {https://de-de.facebook.com/FDP/},
    urldate = {2021-02-14}
}

@online{twitterFreieWähler,
    title = {Twitter Account der Freien Wähler},
    author = {{FREIE WÄHLER Bundesvereinigung}},
    url = {https://twitter.com/FREIEWAEHLER_BV},
    urldate = {2021-02-14}
}

@online{facebookFreieWähler,
    title = {Facebook Account der Freien Wähler},
    author = {{FREIE WÄHLER Bundesvereinigung}},
    url = {https://de-de.facebook.com/freie.waehler.bundesvereinigung/},
    urldate = {2021-02-14}
}

@online{twitterGruenen,
    title = {Twitter Account der Grünen},
    author = {{BÜNDNIS 90/DIE GRÜNEN Bundesgeschäftsstelle}},
    url = {https://twitter.com/Die_Gruenen},
    urldate = {2021-02-14}
}

@online{facebookGruenen,
    title = {Facebook Account der Grünen},
    author = {{BÜNDNIS 90/DIE GRÜNEN Bundesgeschäftsstelle}},
    url = {https://de-de.facebook.com/B90DieGruenen/},
    urldate = {2021-02-14}
}

@online{twitterLinke,
    title = {Twitter Account der Linken},
    author = {{Partei DIE LINKE}},
    url = {https://twitter.com/dieLinke},
    urldate = {2021-02-14}
}

@online{facebookLinke,
    title = {Facebook Account der Linken},
    author = {{Partei DIE LINKE}},
    url = {https://de-de.facebook.com/linkspartei/},
    urldate = {2021-02-14}
}

@online{twitterPartei,
    title = {Twitter Account der Partei die PARTEI},
    author = {{Die PARTEI}},
    url = {https://twitter.com/DiePARTEI},
    urldate = {2021-02-14}
}

@online{facebookPartei,
    title = {Facebook Account der Partei die PARTEI},
    author = {{Die PARTEI}},
    url = {https://de-de.facebook.com/DiePARTEI/},
    urldate = {2021-02-14}
}

@online{twitterSPD,
    title = {Twitter Account der SPD},
    author = {{Sozialdemokratische Partei Deutschlands (SPD)}},
    url = {https://twitter.com/spdde},
    urldate = {2021-02-14}
}

@online{facebookSPD,
    title = {Facebook Account der SPD},
    author = {{Sozialdemokratische Partei Deutschlands (SPD)}},
    url = {https://de-de.facebook.com/spdbundestagsfraktion/},
    urldate = {2021-02-14}
}

@article{microtargeting,
  title={Microtargeting – Gezielte Wähleransprache im Wahlkampf},
  author={Dr. Barbara Kolany-Raiser and Tristan Radtke},
  year={2018},
  publisher={www.abida.de}
}

@online{twitterPolitischerInhalt,
    title = {Political content},
    author = {{Twitter Inc.}},
    url = {https://business.twitter.com/en/help/ads-policies/ads-content-policies/political-content.html},
    urldate = {2021-02-14}
}

@online{facebookPolitischeWerbung,
    title = {Autorisierung für Wahlwerbung bzw. Werbung zu politisch oder gesellschaftlich relevanten Themen erhalten},
    author = {{Facebook Inc.}},
    url = {https://de-de.facebook.com/business/help/208949576550051?id=288762101909005},
    urldate = {2021-02-14}
}

@online{zeitFacebookWahlwerbung,
    title = {Facebook verschärft Regeln zur Wahlwerbung},
    author = {{dpa, akm}},
    url = {https://www.zeit.de/digital/2019-08/datenschutz-facebook-wahlwerbung-verschaerft-regeln},
    urldate = {2021-02-14}
}



@online{SMNutzer,
    title = {Ranking der größten Social Networks und Messenger nach der Anzahl der Nutzer im Januar 2021},
    author = {{Statista GmbH}},
    url = {https://de.statista.com/statistik/daten/studie/181086/umfrage/die-weltweit-groessten-social-networks-nach-anzahl-der-user/},
    date = {2021-02-09},
    urldate = {2021-02-14}
}


@online{GIMitglieder,
    title = {Korporative Mitglieder},
    author = {{Gesellschaft für Informatik e.V.}},
    url = {https://gi.de/netzwerk/partner/korporative-mitglieder},
    date = {2021-01-29},
    urldate = {2021-02-15}
}

@online{FactCheckFB,
    title = {Facebooks Programm für unabhängige Faktenprüfung},
    author = {{Facebook Inc.}},
    url = {https://www.facebook.com/journalismproject/programs/third-party-fact-checking},
    urldate = {2021-02-15}
}

@online{FactCheckFBAlert,
    title = {'Disputed by multiple fact-checkers': Facebook rolls out new alert to combat fake news},
    author = {Elle Hunt},
    date = {2017-03-22},
    url = {https://www.theguardian.com/technology/2017/mar/22/facebook-fact-checking-tool-fake-news},
    urldate = {2021-02-15}
}

@online{ParteienspektrumD,
    title = {Strategiedebatten der deutschen Parteien Oktober 2017},
    author = {{Friedrich-Ebert-Stiftung e.V.}},
    date = {2017-10-01},
    url = {https://www.fes.de/internationale-politikanalyse/monitor-soziale-demokratie/strategiedebatten-global/strategiedebatten-deutschland-oktober-2017},
    urldate = {2021-02-15}
}

@online{InteraktionenSM,
    title = {Anzahl der Interaktionen in sozialen Netzwerken zu Beiträgen zu politischen Parteien in Deutschland von Juli bis September 2017},
    author = {{Statista GmbH}},
    date = {2018-02-13},
    url = {https://de.statista.com/statistik/daten/studie/743650/umfrage/interaktionen-zu-beitraegen-ueber-politische-parteien-in-sozialen-netzwerken-in-deutschland/},
    urldate = {2021-02-15}
}

@online{Wahl2017Ergebnis,
    title = {Bundestagswahl 2017: Endgültiges Ergebnis},
    author = {{Der Bundeswahlleiter}},
    date = {2017-10-12},
    url = {https://de.statista.com/statistik/daten/studie/743650/umfrage/interaktionen-zu-beitraegen-ueber-politische-parteien-in-sozialen-netzwerken-in-deutschland/},
    urldate = {2021-02-15}
}

@book{hampton2014social,
  title={Social media and the'spiral of silence'},
  author={Hampton, Keith N and Rainie, Harrison and Lu, Weixu and Dwyer, Maria and Shin, Inyoung and Purcell, Kristen},
  year={2014},
  publisher={PewResearchCenter}
}

@online{einwohnerDeutschland,
    title = {Bevölkerungsstand},
    author = {{Statistisches Bundesamt}},
    date = {2020-09-30},
    url = {https://www.destatis.de/DE/Themen/Gesellschaft-Umwelt/Bevoelkerung/Bevoelkerungsstand/Tabellen/zensus-geschlecht-staatsangehoerigkeit-2020.html},
    urldate = {2021-02-16}
}

@online{einwohnerUSA,
    title = {QuickFacts United States},
    author = {{United States Census Bureau}},
    date = {2020-06-01},
    url = {https://www.census.gov/quickfacts/fact/table/US/PST045219},
    urldate = {2021-02-16}
}

